@inproceedings{Bellare:2002:AES,
 author = {Bellare, Mihir and Kohno, Tadayoshi and Namprempre, Chanathip},
 title = {{Authenticated Encryption in SSH: Provably Fixing the SSH Binary Packet Protocol}},
 booktitle = {Proceedings of the 9th ACM Conference on Computer and Communications Security},
 series = {CCS '02},
 year = {2002},
 isbn = {1-58113-612-9},
 location = {Washington, DC, USA},
 pages = {1--11},
 numpages = {11},
 url = {http://doi.acm.org/10.1145/586110.586112},
 doi = {10.1145/586110.586112},
 acmid = {586112},
 publisher = {ACM},
 address = {New York, NY, USA},
 keywords = {SSH, authenticated encryption, secure shell, security proofs, stateful decryption},
} 

@misc{Bard:2004:SSL,
    author = {Gregory V. Bard},
    title = {{The Vulnerability of SSL to Chosen Plaintext Attack}},
    howpublished = {Cryptology ePrint Archive, Report 2004/111},
    year = {2004},
    note = {\url{http://eprint.iacr.org/2004/111}},
}

@article{Thai:2011:XOR,
  title={{Here Come The XOR Ninjas}},
  author={Duong, Thai and Rizzo, Juliano},
  year={2011},
  publisher={Ekoparty}
}

@inproceedings{Bard:2007:BCA,
 author = {Bard, Gregory V.},
 title = {{Blockwise-adaptive Chosen-plaintext Attack and Online Modes of Encryption}},
 booktitle = {Proceedings of the 11th IMA International Conference on Cryptography and Coding},
 series = {Cryptography and Coding'07},
 year = {2007},
 isbn = {3-540-77271-5, 978-3-540-77271-2},
 location = {Cirencester, UK},
 pages = {129--151},
 numpages = {23},
 url = {http://dl.acm.org/citation.cfm?id=1782574.1782587},
 acmid = {1782587},
 publisher = {Springer-Verlag},
 address = {Berlin, Heidelberg},
 keywords = {ABC, BACPA, CBC, CFB, CTR, ECB, HCBC, HPCBC, IGE, MACPA, OFB, XCBC, blockwise-adaptive chosen-plaintext attack, modes of encryption, online-ness},
} 

@book{Kaufman:2002:NSP,
 author = {Kaufman, Charlie and Perlman, Radia and Speciner, Mike},
 title = {{Network Security: Private Communication in a Public World, Second Edition}},
 year = {2002},
 isbn = {9780137155880},
 edition = {Second},
 publisher = {Prentice Hall Press},
 address = {Upper Saddle River, NJ, USA},
}

@misc{Wikipedia:BCMO,
  title = {{Block cipher mode of operation}},
  howpublished = {\url{https://en.wikipedia.org/wiki/Block_cipher_mode_of_operation}},
  note = {Accessed: 2016-09-19}
}

@misc{Wikipedia:TLS,
  title = {{Transport Layer Security}},
  howpublished = {\url{https://en.wikipedia.org/wiki/Transport_Layer_Security}},
  note = {Accessed: 2016-09-19}
}

@misc{Thai:BEAST,
  title = {{BEAST}},
  howpublished = {\url{https://vnhacker.blogspot.fr/2011/09/beast.html}},
  note = {Accessed: 2016-09-19}
}

@misc{Mozilla:BEAST,
  title = {{Mozilla 1/n-1 implementation}},
  howpublished = {\url{https://bugzilla.mozilla.org/show_bug.cgi?id=665814#c59}},
  note = {Accessed: 2016-09-19}
}

@misc{Qualys:BEAST,
  title = {{Is BEAST Still a Issue?}},
  howpublished = {\url{https://blog.qualys.com/ssllabs/2013/09/10/is-beast-still-a-threat}},
  note = {Accessed: 2016-09-19}
}

@misc{Context:BEAST,
  title = {{HTTPS BEAST Attack}},
  howpublished = {\url{http://www.contextis.com/resources/blog/server-technologies-https-beast-attack/}},
  note = {Accessed: 2016-09-19}
}

@misc{CLF:IGBA,
  title = {{An Illustrated Guide to the BEAST Attack}},
  howpublished = {\url{http://commandlinefanatic.com/cgi-bin/showarticle.cgi?article=art027}},
  note = {Accessed: 2016-09-19}
}

@misc{Mitre:BEAST,
  title = {{CVE-2011-3389}},
  howpublished = {\url{https://cve.mitre.org/cgi-bin/cvename.cgi?name=cve-2011-3389}},
  note = {Accessed: 2016-09-19}
}
